<?xml version="1.0" encoding="UTF-8"?><collection xmlns="http://www.loc.gov/MARC21/slim"><record><leader>00370nam--2200133-i-4500</leader><controlfield tag="001">000004169</controlfield><controlfield tag="002">20161230</controlfield><controlfield tag="005">20161230201025</controlfield><controlfield tag="008">060222s1000------------r-----000-0-eng-d</controlfield><datafield ind1=" " ind2=" " tag="080"><subfield code="a">621.039.5</subfield></datafield><datafield ind1=" " ind2=" " tag="245"><subfield code="a">Das zentralinstitut fur kernphysil am beginn seiner arbeit. herasug von ..</subfield></datafield><datafield ind1=" " ind2=" " tag="260"><subfield code="a">Berlin, Akademie Verlag, 1958 59 P</subfield></datafield><datafield ind1=" " ind2=" " tag="700"><subfield code="a">Barwich, Heinz</subfield></datafield><datafield ind1=" " ind2=" " tag="852"><subfield code="a">12451</subfield></datafield></record></collection>